@Manual{R,
  title = {R: A Language and Environment for Statistical Computing},
  author = {{R Core Team}},
  organization = {R Foundation for Statistical Computing},
  address = {Vienna, Austria},
  year = {2023},
  url = {https://www.R-project.org/},
}

@article{lifelines,
  doi = {10.21105/joss.01317},
  year = {2019},
  publisher = {The Open Journal},
  volume = {4},
  number = {40},
  pages = {1317},
  author = {Cameron Davidson-Pilon},
  title = {\pkg{lifelines}: Survival Analysis in \proglang{Python}},
  journal = {Journal of Open Source Software}
}

@misc{gurobi,
  author = {{Gurobi Optimization, LLC}},
  title = {\pkg{Gurobi} Optimizer Reference Manual},
  year = 2024,
  url = "https://www.gurobi.com"
}

@ARTICLE{scipy,
  author  = {Virtanen, Pauli and Gommers, Ralf and Oliphant, Travis E. and
            Haberland, Matt and Reddy, Tyler and Cournapeau, David and
            Burovski, Evgeni and Peterson, Pearu and Weckesser, Warren and
            Bright, Jonathan and {van der Walt}, St{\'e}fan J. and
            Brett, Matthew and Wilson, Joshua and Millman, K. Jarrod and
            Mayorov, Nikolay and Nelson, Andrew R. J. and Jones, Eric and
            Kern, Robert and Larson, Eric and Carey, C J and
            Polat, {\.I}lhan and Feng, Yu and Moore, Eric W. and
            {VanderPlas}, Jake and Laxalde, Denis and Perktold, Josef and
            Cimrman, Robert and Henriksen, Ian and Quintero, E. A. and
            Harris, Charles R. and Archibald, Anne M. and
            Ribeiro, Ant{\^o}nio H. and Pedregosa, Fabian and
            {van Mulbregt}, Paul and {\pkg{SciPy} 1.0 Contributors}},
  title   = {\pkg{SciPy} 1.0: Fundamental Algorithms for Scientific
            Computing in \proglang{Python}},
  journal = {Nature Methods},
  year    = {2020},
  volume  = {17},
  pages   = {261--272},
  adsurl  = {https://rdcu.be/b08Wh},
  doi     = {10.1038/s41592-019-0686-2},
}

@Manual{survival-package,
  title = {A Package for Survival Analysis in \proglang{R}},
  author = {Terry M Therneau},
  year = {2024},
  note = {R package version 3.8-3},
  url = {https://CRAN.R-project.org/package=survival},
}

@article{CAT-23-001,
    author = "Hayrapetyan, Aram and others",
    collaboration = "CMS",
    title = "The {CMS} Statistical Analysis and Combination Tool: \pkg{Combine}",
    eprint = "arXiv:2404.06614 [physics.data-an]",
    reportNumber = "CMS-CAT-23-001, CERN-EP-2024-078",
    doi = "10.1007/s41781-024-00121-4",
    journal = "Computing and Software for Big Science",
    volume = "8",
    number = "1",
    pages = "19",
    year = "2024"
}

@article{RooFit,
    author = "Verkerke, Wouter and Kirkby, David P.",
    editor = "Lyons, L. and Karagoz, Muge",
    title = "{The \pkg{RooFit} Toolkit for Data Modeling}",
    eprint = "arXiv:physics/0306116",
    reportNumber = "CHEP-2003-MOLT007",
    journal = "eConf",
    volume = "C0303241",
    pages = "MOLT007",
    year = "2003"
}

@article{HIG-12-028,
    author = "Chatrchyan, Serguei and others",
    collaboration = "CMS",
    title = "Observation of a New Boson at a Mass of 125 {GeV} with the {CMS} Experiment at the {LHC}",
    eprint = "arXiv:1207.7235 [hep-ex]",
    reportNumber = "CMS-HIG-12-028, CERN-PH-EP-2012-220",
    doi = "10.1016/j.physletb.2012.08.021",
    journal = "Physics Letters B",
    volume = "716",
    pages = "30--61",
    year = "2012"
}

@book{brentq,
  title="Algorithms for Minimization without Derivatives",
  author={Brent, Richard P},
  year={1973},
  publisher={Courier Corporation}
}

@unpublished{DONUTS,
        author = {Tricia R. Cottrell and Jeffrey S. Roskes and Michael Fotheringham and Emily Cohen and Boyang Zhang and Logan L. Engle and Daphne Wang and Elizabeth Will and Joel C. Sunshine and Daniel Jim\'enez-S\'anchez and Zhen Zeng and Justina X. Caushi and Jiajia Zhang and Nina M. D'amiano and Julie S. Deutsch and Sonali Uttam and Katie Pirie and Darah Vlaminck and Michelle Mataj and Alexa Fiorante and Nicole Espinosa and Teodora Popa and Aleksandra Ogurtsova and Sigfredo Soto-Diaz and Margaret Eminizer and Samuel Tabrisky and Andrew Jorquera and Jonathan Skidmore and Dmitry Medvedev and Jamie E. Chaft and Julie R. Brahmer and Michael Conroy and Joshua E. Reuss and Ludmila Danilova and Hongkai Ji and Patrick M. Forde and Drew M. Pardoll and Kellie N. Smith and Benjamin F. Green and Alexander S. Szalay and Janis M. Taube},
        title = {Novel Predictive Spatial Biomarker in Non-Small Cell Lung Carcinoma: The Diversity of Niches Unlocking Treatment Sensitivity (DONUTS)},
        year = 2025,
        note = {submitted to \emph{Nature}},
}

@misc{GreenwoodNotes,
author = {Samuel Sawyer},
title = {The {G}reenwood and Exponential {G}reenwood Confidence Intervals in Survival Analysis},
year = {2003},
month = {sep},
note = {Unpublished notes},
url = {https://www.math.wustl.edu/~sawyer/handouts/greenwood.pdf}
}

@article{Greenwood,
  author = {M. Greenwood},
  title = {The Natural Duration of Cancer},
  journal = {Reports on Public Health and Medical Subjects},
  year = {1926},
  volume = {33},
  pages = {1--26},
}

@article{Minuit,
    author = "James, F.",
    title = "\pkg{MINUIT} Function Minimization and Error Analysis:  Reference Manual Version 94.1",
    reportNumber = "CERN-D-506, CERN-D506",
    year = "1994"
}

@book{appliedsurvivalanalysis,
  title     = {Applied Survival Analysis: Regression Modeling of Time-to-Event Data},
  author    = {Hosmer, David W. and Lemeshow, Stanley and May, Susanne},
  year      = {2008},
  publisher = {Wiley-Interscience},
  edition   = {2nd},
  address   = {Hoboken, NJ},
  isbn      = {978-0-470-07963-5},
  doi       = {10.1002/9780470258019},
}

@article{mantel1966evaluation,
  title   = {Evaluation of survival data and two new rank order statistics arising in its consideration},
  author  = {Mantel, Nathan},
  journal = {Cancer Chemotherapy Reports},
  year    = {1966},
  volume  = {50},
  number  = {3},
  pages   = {163--170},
  note    = {PMID: 5910392}
}

@article{peto1972asymptotically,
  title   = {Asymptotically efficient rank invariant test procedures},
  author  = {Peto, Richard and Peto, Julian},
  journal = {Journal of the Royal Statistical Society. Series A (General)},
  year    = {1972},
  volume  = {135},
  number  = {2},
  pages   = {185--207},
  doi     = {10.2307/2344317}
}

@article{cox1972regression,
  author    = {Cox, David R.},
  title     = {Regression Models and Life-Tables},
  journal   = {Journal of the Royal Statistical Society: Series B (Methodological)},
  volume    = {34},
  number    = {2},
  pages     = {187--220},
  year      = {1972},
  month     = {1},
  doi       = {10.1111/j.2517-6161.1972.tb00899.x}
}

@article{breslow1974covariance,
  author    = {Breslow, Norman},
  title     = {Covariance Analysis of Censored Survival Data},
  journal   = {Biometrics},
  volume    = {30},
  number    = {1},
  pages     = {89--99},
  year      = {1974},
  publisher = {JSTOR},
  doi       = {10.2307/2529620}
}
