CAT-23-001
